@article{PolScoWin2013,
  title={Bayesian inference for logistic models using {P}{\'o}lya--Gamma latent variables},
  author={Polson, Nicholas G and Scott, James G and Windle, Jesse},
  journal={Journal of the American statistical Association},
  volume={108},
  number={504},
  pages={1339--1349},
  year={2013},
  publisher={Taylor \& Francis Group}
}

@article{WilBar1998,
  title={Bayesian classification with {G}aussian processes},
  author={Williams, Christopher KI and Barber, David},
  journal={IEEE Transactions on Pattern Analysis and Machine Intelligence},
  volume={20},
  number={12},
  pages={1342--1351},
  year={1998},
  publisher={IEEE}
}

@article{BleNgJor2003,
  title={Latent {D}irichlet allocation},
  author={Blei, David M and Ng, Andrew Y and Jordan, Michael I},
  journal={Journal of Machine Learning Research},
  volume={3},
  number={Jan},
  pages={993--1022},
  year={2003}
}